@Article{Rabosky2013,
author = {Rabosky, Daniel L. and Santini, Francesco and Eastman, Jonathan and Smith, Stephen A. and Sidlauskus, Brian and Chang, Jonathan and Alfaro, Michael E.},
title = {Rates of speciation and morphological evolution are correlated across the largest vertebrate radiation},
journal = {Nature Communications},
year = {2013},
OPTkey = {•},
volume = {4},
OPTnumber = {•},
pages = {1958},
OPTmonth = {•},
OPTnote = {•},
OPTannote = {•}
}

@article {FitzJohn2012,
author = {FitzJohn, Richard G.},
title = {Diversitree: comparative phylogenetic analyses of diversification in R},
journal = {Methods in Ecology and Evolution},
volume = {3},
number = {6},
publisher = {Blackwell Publishing Ltd},
issn = {2041-210X},
url = {http://dx.doi.org/10.1111/j.2041-210X.2012.00234.x},
doi = {10.1111/j.2041-210X.2012.00234.x},
pages = {1084--1092},
keywords = {birth–death process, comparative methods, extinction, macroevolution, speciation},
year = {2012},
}

@article{Pagel1994,
author = {Pagel, Mark}, 
title = {Detecting Correlated Evolution on Phylogenies: A General Method for the Comparative Analysis of Discrete Characters},
volume = {255}, 
number = {1342}, 
pages = {37--45}, 
year = {1994}, 
doi = {10.1098/rspb.1994.0006}, 
URL = {http://rspb.royalsocietypublishing.org/content/255/1342/37.abstract}, 
eprint = {http://rspb.royalsocietypublishing.org/content/255/1342/37.full.pdf+html}, 
journal = {Proceedings of the Royal Society of London. Series B: Biological Sciences} 
}

@article {PyronBurbrink2014,
author = {Pyron, R. Alexander and Burbrink, Frank T.},
title = {Early origin of viviparity and multiple reversions to oviparity in squamate reptiles},
journal = {Ecology Letters},
issn = {1461-0248},
url = {http://dx.doi.org/10.1111/ele.12168},
doi = {10.1111/ele.12168},
volume={17},
pages = {13--21},
keywords = {BiSSE, ecological specialisation, ecophysiology, egg laying, evolutionary reversals, live birth, parity mode, squamata},
year = {2014},
}

@article{squamatetree,
author={Pyron, R Alexander and Burbrink, Frank T and Wiens, John J},
title={A phylogeny and revised classification of Squamata, including 4161 species of lizards and snakes},
year={2013},
volume={13},
pages={93},
journal={BMC Evolutionary Biology}}